@article{christiani2020dartminhash,
  title={DartMinHash: Fast Sketching for Weighted Sets},
  author={Christiani, Tobias},
  journal={arXiv preprint arXiv:2005.11547},
  year={2020}
}
@inproceedings{broder1997resemblance,
  title={On the resemblance and containment of documents},
  author={Broder, Andrei Z},
  booktitle={Proceedings. Compression and Complexity of SEQUENCES 1997 (Cat. No. 97TB100171)},
  pages={21--29},
  year={1997},
  organization={IEEE}
}
@article{ondov2016mash,
  title={Mash: fast genome and metagenome distance estimation using MinHash},
  author={Ondov, Brian D and Treangen, Todd J and Melsted, P{\'a}ll and Mallonee, Adam B and Bergman, Nicholas H and Koren, Sergey and Phillippy, Adam M},
  journal={Genome biology},
  volume={17},
  number={1},
  pages={1--14},
  year={2016},
  publisher={BioMed Central}
}
@inproceedings{guo2020accelerating,
  title={Accelerating large-scale inference with anisotropic vector quantization},
  author={Guo, Ruiqi and Sun, Philip and Lindgren, Erik and Geng, Quan and Simcha, David and Chern, Felix and Kumar, Sanjiv},
  booktitle={International Conference on Machine Learning},
  pages={3887--3896},
  year={2020},
  organization={PMLR}
}
@article{jegou2010product,
  title={Product quantization for nearest neighbor search},
  author={Jegou, Herve and Douze, Matthijs and Schmid, Cordelia},
  journal={IEEE transactions on pattern analysis and machine intelligence},
  volume={33},
  number={1},
  pages={117--128},
  year={2010},
  publisher={IEEE}
}
